%YAML 1.1
%TAG !u! tag:unity3d.com,2011:
--- !u!1 &63692257342802053
GameObject:
  m_ObjectHideFlags: 0
  m_CorrespondingSourceObject: {fileID: 0}
  m_PrefabInstance: {fileID: 0}
  m_PrefabAsset: {fileID: 0}
  serializedVersion: 6
  m_Component:
  - component: {fileID: 315656062423163952}
  - component: {fileID: 4440780572857417014}
  - component: {fileID: 1553016942319519179}
  - component: {fileID: 8256951228140056716}
  m_Layer: 0
  m_Name: FroggyPlayPen
  m_TagString: Untagged
  m_Icon: {fileID: 0}
  m_NavMeshLayer: 0
  m_StaticEditorFlags: 0
  m_IsActive: 1
--- !u!4 &315656062423163952
Transform:
  m_ObjectHideFlags: 0
  m_CorrespondingSourceObject: {fileID: 0}
  m_PrefabInstance: {fileID: 0}
  m_PrefabAsset: {fileID: 0}
  m_GameObject: {fileID: 63692257342802053}
  m_LocalRotation: {x: -0, y: 0.38268322, z: -0, w: 0.9238797}
  m_LocalPosition: {x: 0.48, y: 0.29, z: 0.79}
  m_LocalScale: {x: 14.615969, y: 0.71287936, z: 14.615969}
  m_ConstrainProportionsScale: 0
  m_Children:
  - {fileID: 1369491061220798501}
  - {fileID: 7487556061948009760}
  - {fileID: 1208270396162800080}
  - {fileID: 425817205182168040}
  - {fileID: 2689764015897080169}
  - {fileID: 1881396774971985173}
  - {fileID: 7454151664189615920}
  - {fileID: 4604164681662685870}
  m_Father: {fileID: 9018347658050803607}
  m_RootOrder: -1
  m_LocalEulerAnglesHint: {x: 0, y: 45, z: 0}
--- !u!33 &4440780572857417014
MeshFilter:
  m_ObjectHideFlags: 0
  m_CorrespondingSourceObject: {fileID: 0}
  m_PrefabInstance: {fileID: 0}
  m_PrefabAsset: {fileID: 0}
  m_GameObject: {fileID: 63692257342802053}
  m_Mesh: {fileID: 10202, guid: 0000000000000000e000000000000000, type: 0}
--- !u!23 &1553016942319519179
MeshRenderer:
  m_ObjectHideFlags: 0
  m_CorrespondingSourceObject: {fileID: 0}
  m_PrefabInstance: {fileID: 0}
  m_PrefabAsset: {fileID: 0}
  m_GameObject: {fileID: 63692257342802053}
  m_Enabled: 0
  m_CastShadows: 1
  m_ReceiveShadows: 1
  m_DynamicOccludee: 1
  m_StaticShadowCaster: 0
  m_MotionVectors: 1
  m_LightProbeUsage: 1
  m_ReflectionProbeUsage: 1
  m_RayTracingMode: 2
  m_RayTraceProcedural: 0
  m_RenderingLayerMask: 1
  m_RendererPriority: 0
  m_Materials:
  - {fileID: 2100000, guid: 31321ba15b8f8eb4c954353edc038b1d, type: 2}
  m_StaticBatchInfo:
    firstSubMesh: 0
    subMeshCount: 0
  m_StaticBatchRoot: {fileID: 0}
  m_ProbeAnchor: {fileID: 0}
  m_LightProbeVolumeOverride: {fileID: 0}
  m_ScaleInLightmap: 1
  m_ReceiveGI: 1
  m_PreserveUVs: 0
  m_IgnoreNormalsForChartDetection: 0
  m_ImportantGI: 0
  m_StitchLightmapSeams: 1
  m_SelectedEditorRenderState: 3
  m_MinimumChartSize: 4
  m_AutoUVMaxDistance: 0.5
  m_AutoUVMaxAngle: 89
  m_LightmapParameters: {fileID: 0}
  m_SortingLayerID: 0
  m_SortingLayer: 0
  m_SortingOrder: 0
  m_AdditionalVertexStreams: {fileID: 0}
--- !u!65 &8256951228140056716
BoxCollider:
  m_ObjectHideFlags: 0
  m_CorrespondingSourceObject: {fileID: 0}
  m_PrefabInstance: {fileID: 0}
  m_PrefabAsset: {fileID: 0}
  m_GameObject: {fileID: 63692257342802053}
  m_Material: {fileID: 0}
  m_IncludeLayers:
    serializedVersion: 2
    m_Bits: 0
  m_ExcludeLayers:
    serializedVersion: 2
    m_Bits: 0
  m_LayerOverridePriority: 0
  m_IsTrigger: 0
  m_ProvidesContacts: 0
  m_Enabled: 1
  serializedVersion: 3
  m_Size: {x: 1, y: 1, z: 1}
  m_Center: {x: 0, y: 0, z: 0}
--- !u!1 &6788812419194823864
GameObject:
  m_ObjectHideFlags: 0
  m_CorrespondingSourceObject: {fileID: 0}
  m_PrefabInstance: {fileID: 0}
  m_PrefabAsset: {fileID: 0}
  serializedVersion: 6
  m_Component:
  - component: {fileID: 9018347658050803607}
  m_Layer: 0
  m_Name: Enemies
  m_TagString: Untagged
  m_Icon: {fileID: 0}
  m_NavMeshLayer: 0
  m_StaticEditorFlags: 0
  m_IsActive: 1
--- !u!4 &9018347658050803607
Transform:
  m_ObjectHideFlags: 0
  m_CorrespondingSourceObject: {fileID: 0}
  m_PrefabInstance: {fileID: 0}
  m_PrefabAsset: {fileID: 0}
  m_GameObject: {fileID: 6788812419194823864}
  m_LocalRotation: {x: -0, y: -0, z: -0, w: 1}
  m_LocalPosition: {x: 0, y: 0, z: 0}
  m_LocalScale: {x: 1, y: 1, z: 1}
  m_ConstrainProportionsScale: 0
  m_Children:
  - {fileID: 315656062423163952}
  m_Father: {fileID: 326656641086315587}
  m_RootOrder: -1
  m_LocalEulerAnglesHint: {x: 0, y: 0, z: 0}
--- !u!1001 &40517632599650995
PrefabInstance:
  m_ObjectHideFlags: 0
  serializedVersion: 2
  m_Modification:
    serializedVersion: 3
    m_TransformParent: {fileID: 315656062423163952}
    m_Modifications:
    - target: {fileID: 2805445309056351545, guid: 81103128419fc92b28b0fd57a1800658, type: 3}
      propertyPath: spawnArea
      value: 
      objectReference: {fileID: 8256951228140056716}
    - target: {fileID: 4569664815053312029, guid: 81103128419fc92b28b0fd57a1800658, type: 3}
      propertyPath: m_RootOrder
      value: -1
      objectReference: {fileID: 0}
    - target: {fileID: 4569664815053312029, guid: 81103128419fc92b28b0fd57a1800658, type: 3}
      propertyPath: m_LocalScale.x
      value: 0.085522905
      objectReference: {fileID: 0}
    - target: {fileID: 4569664815053312029, guid: 81103128419fc92b28b0fd57a1800658, type: 3}
      propertyPath: m_LocalScale.y
      value: 1.7534523
      objectReference: {fileID: 0}
    - target: {fileID: 4569664815053312029, guid: 81103128419fc92b28b0fd57a1800658, type: 3}
      propertyPath: m_LocalScale.z
      value: 0.085522905
      objectReference: {fileID: 0}
    - target: {fileID: 4569664815053312029, guid: 81103128419fc92b28b0fd57a1800658, type: 3}
      propertyPath: m_LocalPosition.x
      value: -0.41993004
      objectReference: {fileID: 0}
    - target: {fileID: 4569664815053312029, guid: 81103128419fc92b28b0fd57a1800658, type: 3}
      propertyPath: m_LocalPosition.y
      value: 0.46992522
      objectReference: {fileID: 0}
    - target: {fileID: 4569664815053312029, guid: 81103128419fc92b28b0fd57a1800658, type: 3}
      propertyPath: m_LocalPosition.z
      value: 0.26318222
      objectReference: {fileID: 0}
    - target: {fileID: 4569664815053312029, guid: 81103128419fc92b28b0fd57a1800658, type: 3}
      propertyPath: m_LocalRotation.w
      value: 0.9238797
      objectReference: {fileID: 0}
    - target: {fileID: 4569664815053312029, guid: 81103128419fc92b28b0fd57a1800658, type: 3}
      propertyPath: m_LocalRotation.x
      value: -0
      objectReference: {fileID: 0}
    - target: {fileID: 4569664815053312029, guid: 81103128419fc92b28b0fd57a1800658, type: 3}
      propertyPath: m_LocalRotation.y
      value: -0.38268322
      objectReference: {fileID: 0}
    - target: {fileID: 4569664815053312029, guid: 81103128419fc92b28b0fd57a1800658, type: 3}
      propertyPath: m_LocalRotation.z
      value: -0
      objectReference: {fileID: 0}
    - target: {fileID: 4569664815053312029, guid: 81103128419fc92b28b0fd57a1800658, type: 3}
      propertyPath: m_LocalEulerAnglesHint.x
      value: 0
      objectReference: {fileID: 0}
    - target: {fileID: 4569664815053312029, guid: 81103128419fc92b28b0fd57a1800658, type: 3}
      propertyPath: m_LocalEulerAnglesHint.y
      value: 0
      objectReference: {fileID: 0}
    - target: {fileID: 4569664815053312029, guid: 81103128419fc92b28b0fd57a1800658, type: 3}
      propertyPath: m_LocalEulerAnglesHint.z
      value: 0
      objectReference: {fileID: 0}
    - target: {fileID: 7663968594403934939, guid: 81103128419fc92b28b0fd57a1800658, type: 3}
      propertyPath: m_Name
      value: FrogEnemy (8)
      objectReference: {fileID: 0}
    m_RemovedComponents: []
    m_RemovedGameObjects: []
    m_AddedGameObjects: []
    m_AddedComponents: []
  m_SourcePrefab: {fileID: 100100000, guid: 81103128419fc92b28b0fd57a1800658, type: 3}
--- !u!114 &2765495182838927242 stripped
MonoBehaviour:
  m_CorrespondingSourceObject: {fileID: 2805445309056351545, guid: 81103128419fc92b28b0fd57a1800658, type: 3}
  m_PrefabInstance: {fileID: 40517632599650995}
  m_PrefabAsset: {fileID: 0}
  m_GameObject: {fileID: 0}
  m_Enabled: 1
  m_EditorHideFlags: 0
  m_Script: {fileID: 11500000, guid: 08a6da6e25ee482dafb186cacd463d2b, type: 3}
  m_Name: 
  m_EditorClassIdentifier: 
--- !u!4 &4604164681662685870 stripped
Transform:
  m_CorrespondingSourceObject: {fileID: 4569664815053312029, guid: 81103128419fc92b28b0fd57a1800658, type: 3}
  m_PrefabInstance: {fileID: 40517632599650995}
  m_PrefabAsset: {fileID: 0}
--- !u!1001 &884003383752475975
PrefabInstance:
  m_ObjectHideFlags: 0
  serializedVersion: 2
  m_Modification:
    serializedVersion: 3
    m_TransformParent: {fileID: 0}
    m_Modifications:
    - target: {fileID: 556299571875015913, guid: e3c93ee3c2fa4cc41803f6288aeeb61c, type: 3}
      propertyPath: m_Name
      value: room5_wContent_01
      objectReference: {fileID: 0}
    - target: {fileID: 633908169708902660, guid: e3c93ee3c2fa4cc41803f6288aeeb61c, type: 3}
      propertyPath: m_RootOrder
      value: 0
      objectReference: {fileID: 0}
    - target: {fileID: 633908169708902660, guid: e3c93ee3c2fa4cc41803f6288aeeb61c, type: 3}
      propertyPath: m_LocalPosition.x
      value: -26.027592
      objectReference: {fileID: 0}
    - target: {fileID: 633908169708902660, guid: e3c93ee3c2fa4cc41803f6288aeeb61c, type: 3}
      propertyPath: m_LocalPosition.y
      value: 0
      objectReference: {fileID: 0}
    - target: {fileID: 633908169708902660, guid: e3c93ee3c2fa4cc41803f6288aeeb61c, type: 3}
      propertyPath: m_LocalPosition.z
      value: 43.7
      objectReference: {fileID: 0}
    - target: {fileID: 633908169708902660, guid: e3c93ee3c2fa4cc41803f6288aeeb61c, type: 3}
      propertyPath: m_LocalRotation.w
      value: 1
      objectReference: {fileID: 0}
    - target: {fileID: 633908169708902660, guid: e3c93ee3c2fa4cc41803f6288aeeb61c, type: 3}
      propertyPath: m_LocalRotation.x
      value: 0
      objectReference: {fileID: 0}
    - target: {fileID: 633908169708902660, guid: e3c93ee3c2fa4cc41803f6288aeeb61c, type: 3}
      propertyPath: m_LocalRotation.y
      value: 0
      objectReference: {fileID: 0}
    - target: {fileID: 633908169708902660, guid: e3c93ee3c2fa4cc41803f6288aeeb61c, type: 3}
      propertyPath: m_LocalRotation.z
      value: 0
      objectReference: {fileID: 0}
    - target: {fileID: 633908169708902660, guid: e3c93ee3c2fa4cc41803f6288aeeb61c, type: 3}
      propertyPath: m_LocalEulerAnglesHint.x
      value: 0
      objectReference: {fileID: 0}
    - target: {fileID: 633908169708902660, guid: e3c93ee3c2fa4cc41803f6288aeeb61c, type: 3}
      propertyPath: m_LocalEulerAnglesHint.y
      value: 0
      objectReference: {fileID: 0}
    - target: {fileID: 633908169708902660, guid: e3c93ee3c2fa4cc41803f6288aeeb61c, type: 3}
      propertyPath: m_LocalEulerAnglesHint.z
      value: 0
      objectReference: {fileID: 0}
    - target: {fileID: 4979209491183962291, guid: e3c93ee3c2fa4cc41803f6288aeeb61c, type: 3}
      propertyPath: enemies.Array.size
      value: 8
      objectReference: {fileID: 0}
    - target: {fileID: 4979209491183962291, guid: e3c93ee3c2fa4cc41803f6288aeeb61c, type: 3}
      propertyPath: enemies.Array.data[0]
      value: 
      objectReference: {fileID: 758061076585585921}
    - target: {fileID: 4979209491183962291, guid: e3c93ee3c2fa4cc41803f6288aeeb61c, type: 3}
      propertyPath: enemies.Array.data[1]
      value: 
      objectReference: {fileID: 9110044017998409732}
    - target: {fileID: 4979209491183962291, guid: e3c93ee3c2fa4cc41803f6288aeeb61c, type: 3}
      propertyPath: enemies.Array.data[2]
      value: 
      objectReference: {fileID: 666787638999192820}
    - target: {fileID: 4979209491183962291, guid: e3c93ee3c2fa4cc41803f6288aeeb61c, type: 3}
      propertyPath: enemies.Array.data[3]
      value: 
      objectReference: {fileID: 2048163838555952844}
    - target: {fileID: 4979209491183962291, guid: e3c93ee3c2fa4cc41803f6288aeeb61c, type: 3}
      propertyPath: enemies.Array.data[4]
      value: 
      objectReference: {fileID: 4384168794136779853}
    - target: {fileID: 4979209491183962291, guid: e3c93ee3c2fa4cc41803f6288aeeb61c, type: 3}
      propertyPath: enemies.Array.data[5]
      value: 
      objectReference: {fileID: 259049557483659313}
    - target: {fileID: 4979209491183962291, guid: e3c93ee3c2fa4cc41803f6288aeeb61c, type: 3}
      propertyPath: enemies.Array.data[6]
      value: 
      objectReference: {fileID: 9148555927008625172}
    - target: {fileID: 4979209491183962291, guid: e3c93ee3c2fa4cc41803f6288aeeb61c, type: 3}
      propertyPath: enemies.Array.data[7]
      value: 
      objectReference: {fileID: 2765495182838927242}
    m_RemovedComponents: []
    m_RemovedGameObjects: []
    m_AddedGameObjects:
    - targetCorrespondingSourceObject: {fileID: 633908169708902660, guid: e3c93ee3c2fa4cc41803f6288aeeb61c, type: 3}
      insertIndex: -1
      addedObject: {fileID: 9018347658050803607}
    m_AddedComponents: []
  m_SourcePrefab: {fileID: 100100000, guid: e3c93ee3c2fa4cc41803f6288aeeb61c, type: 3}
--- !u!4 &326656641086315587 stripped
Transform:
  m_CorrespondingSourceObject: {fileID: 633908169708902660, guid: e3c93ee3c2fa4cc41803f6288aeeb61c, type: 3}
  m_PrefabInstance: {fileID: 884003383752475975}
  m_PrefabAsset: {fileID: 0}
--- !u!1001 &1889616213289918836
PrefabInstance:
  m_ObjectHideFlags: 0
  serializedVersion: 2
  m_Modification:
    serializedVersion: 3
    m_TransformParent: {fileID: 315656062423163952}
    m_Modifications:
    - target: {fileID: 2805445309056351545, guid: 81103128419fc92b28b0fd57a1800658, type: 3}
      propertyPath: spawnArea
      value: 
      objectReference: {fileID: 8256951228140056716}
    - target: {fileID: 4569664815053312029, guid: 81103128419fc92b28b0fd57a1800658, type: 3}
      propertyPath: m_RootOrder
      value: -1
      objectReference: {fileID: 0}
    - target: {fileID: 4569664815053312029, guid: 81103128419fc92b28b0fd57a1800658, type: 3}
      propertyPath: m_LocalScale.x
      value: 0.085522905
      objectReference: {fileID: 0}
    - target: {fileID: 4569664815053312029, guid: 81103128419fc92b28b0fd57a1800658, type: 3}
      propertyPath: m_LocalScale.y
      value: 1.7534523
      objectReference: {fileID: 0}
    - target: {fileID: 4569664815053312029, guid: 81103128419fc92b28b0fd57a1800658, type: 3}
      propertyPath: m_LocalScale.z
      value: 0.085522905
      objectReference: {fileID: 0}
    - target: {fileID: 4569664815053312029, guid: 81103128419fc92b28b0fd57a1800658, type: 3}
      propertyPath: m_LocalPosition.x
      value: -0.32172087
      objectReference: {fileID: 0}
    - target: {fileID: 4569664815053312029, guid: 81103128419fc92b28b0fd57a1800658, type: 3}
      propertyPath: m_LocalPosition.y
      value: 0.46992522
      objectReference: {fileID: 0}
    - target: {fileID: 4569664815053312029, guid: 81103128419fc92b28b0fd57a1800658, type: 3}
      propertyPath: m_LocalPosition.z
      value: -0.3449426
      objectReference: {fileID: 0}
    - target: {fileID: 4569664815053312029, guid: 81103128419fc92b28b0fd57a1800658, type: 3}
      propertyPath: m_LocalRotation.w
      value: 0.9238797
      objectReference: {fileID: 0}
    - target: {fileID: 4569664815053312029, guid: 81103128419fc92b28b0fd57a1800658, type: 3}
      propertyPath: m_LocalRotation.x
      value: -0
      objectReference: {fileID: 0}
    - target: {fileID: 4569664815053312029, guid: 81103128419fc92b28b0fd57a1800658, type: 3}
      propertyPath: m_LocalRotation.y
      value: -0.38268322
      objectReference: {fileID: 0}
    - target: {fileID: 4569664815053312029, guid: 81103128419fc92b28b0fd57a1800658, type: 3}
      propertyPath: m_LocalRotation.z
      value: -0
      objectReference: {fileID: 0}
    - target: {fileID: 4569664815053312029, guid: 81103128419fc92b28b0fd57a1800658, type: 3}
      propertyPath: m_LocalEulerAnglesHint.x
      value: 0
      objectReference: {fileID: 0}
    - target: {fileID: 4569664815053312029, guid: 81103128419fc92b28b0fd57a1800658, type: 3}
      propertyPath: m_LocalEulerAnglesHint.y
      value: 0
      objectReference: {fileID: 0}
    - target: {fileID: 4569664815053312029, guid: 81103128419fc92b28b0fd57a1800658, type: 3}
      propertyPath: m_LocalEulerAnglesHint.z
      value: 0
      objectReference: {fileID: 0}
    - target: {fileID: 7663968594403934939, guid: 81103128419fc92b28b0fd57a1800658, type: 3}
      propertyPath: m_Name
      value: FrogEnemy (5)
      objectReference: {fileID: 0}
    m_RemovedComponents: []
    m_RemovedGameObjects: []
    m_AddedGameObjects: []
    m_AddedComponents: []
  m_SourcePrefab: {fileID: 100100000, guid: 81103128419fc92b28b0fd57a1800658, type: 3}
--- !u!4 &2689764015897080169 stripped
Transform:
  m_CorrespondingSourceObject: {fileID: 4569664815053312029, guid: 81103128419fc92b28b0fd57a1800658, type: 3}
  m_PrefabInstance: {fileID: 1889616213289918836}
  m_PrefabAsset: {fileID: 0}
--- !u!114 &4384168794136779853 stripped
MonoBehaviour:
  m_CorrespondingSourceObject: {fileID: 2805445309056351545, guid: 81103128419fc92b28b0fd57a1800658, type: 3}
  m_PrefabInstance: {fileID: 1889616213289918836}
  m_PrefabAsset: {fileID: 0}
  m_GameObject: {fileID: 0}
  m_Enabled: 1
  m_EditorHideFlags: 0
  m_Script: {fileID: 11500000, guid: 08a6da6e25ee482dafb186cacd463d2b, type: 3}
  m_Name: 
  m_EditorClassIdentifier: 
--- !u!1001 &2699527091361144072
PrefabInstance:
  m_ObjectHideFlags: 0
  serializedVersion: 2
  m_Modification:
    serializedVersion: 3
    m_TransformParent: {fileID: 315656062423163952}
    m_Modifications:
    - target: {fileID: 2805445309056351545, guid: 81103128419fc92b28b0fd57a1800658, type: 3}
      propertyPath: spawnArea
      value: 
      objectReference: {fileID: 8256951228140056716}
    - target: {fileID: 4569664815053312029, guid: 81103128419fc92b28b0fd57a1800658, type: 3}
      propertyPath: m_RootOrder
      value: -1
      objectReference: {fileID: 0}
    - target: {fileID: 4569664815053312029, guid: 81103128419fc92b28b0fd57a1800658, type: 3}
      propertyPath: m_LocalScale.x
      value: 0.085522905
      objectReference: {fileID: 0}
    - target: {fileID: 4569664815053312029, guid: 81103128419fc92b28b0fd57a1800658, type: 3}
      propertyPath: m_LocalScale.y
      value: 1.7534523
      objectReference: {fileID: 0}
    - target: {fileID: 4569664815053312029, guid: 81103128419fc92b28b0fd57a1800658, type: 3}
      propertyPath: m_LocalScale.z
      value: 0.085522905
      objectReference: {fileID: 0}
    - target: {fileID: 4569664815053312029, guid: 81103128419fc92b28b0fd57a1800658, type: 3}
      propertyPath: m_LocalPosition.x
      value: -0.43589544
      objectReference: {fileID: 0}
    - target: {fileID: 4569664815053312029, guid: 81103128419fc92b28b0fd57a1800658, type: 3}
      propertyPath: m_LocalPosition.y
      value: 0.46992522
      objectReference: {fileID: 0}
    - target: {fileID: 4569664815053312029, guid: 81103128419fc92b28b0fd57a1800658, type: 3}
      propertyPath: m_LocalPosition.z
      value: -0.024673115
      objectReference: {fileID: 0}
    - target: {fileID: 4569664815053312029, guid: 81103128419fc92b28b0fd57a1800658, type: 3}
      propertyPath: m_LocalRotation.w
      value: 0.9238797
      objectReference: {fileID: 0}
    - target: {fileID: 4569664815053312029, guid: 81103128419fc92b28b0fd57a1800658, type: 3}
      propertyPath: m_LocalRotation.x
      value: -0
      objectReference: {fileID: 0}
    - target: {fileID: 4569664815053312029, guid: 81103128419fc92b28b0fd57a1800658, type: 3}
      propertyPath: m_LocalRotation.y
      value: -0.38268322
      objectReference: {fileID: 0}
    - target: {fileID: 4569664815053312029, guid: 81103128419fc92b28b0fd57a1800658, type: 3}
      propertyPath: m_LocalRotation.z
      value: -0
      objectReference: {fileID: 0}
    - target: {fileID: 4569664815053312029, guid: 81103128419fc92b28b0fd57a1800658, type: 3}
      propertyPath: m_LocalEulerAnglesHint.x
      value: 0
      objectReference: {fileID: 0}
    - target: {fileID: 4569664815053312029, guid: 81103128419fc92b28b0fd57a1800658, type: 3}
      propertyPath: m_LocalEulerAnglesHint.y
      value: 0
      objectReference: {fileID: 0}
    - target: {fileID: 4569664815053312029, guid: 81103128419fc92b28b0fd57a1800658, type: 3}
      propertyPath: m_LocalEulerAnglesHint.z
      value: 0
      objectReference: {fileID: 0}
    - target: {fileID: 7663968594403934939, guid: 81103128419fc92b28b0fd57a1800658, type: 3}
      propertyPath: m_Name
      value: FrogEnemy (6)
      objectReference: {fileID: 0}
    m_RemovedComponents: []
    m_RemovedGameObjects: []
    m_AddedGameObjects: []
    m_AddedComponents: []
  m_SourcePrefab: {fileID: 100100000, guid: 81103128419fc92b28b0fd57a1800658, type: 3}
--- !u!114 &259049557483659313 stripped
MonoBehaviour:
  m_CorrespondingSourceObject: {fileID: 2805445309056351545, guid: 81103128419fc92b28b0fd57a1800658, type: 3}
  m_PrefabInstance: {fileID: 2699527091361144072}
  m_PrefabAsset: {fileID: 0}
  m_GameObject: {fileID: 0}
  m_Enabled: 1
  m_EditorHideFlags: 0
  m_Script: {fileID: 11500000, guid: 08a6da6e25ee482dafb186cacd463d2b, type: 3}
  m_Name: 
  m_EditorClassIdentifier: 
--- !u!4 &1881396774971985173 stripped
Transform:
  m_CorrespondingSourceObject: {fileID: 4569664815053312029, guid: 81103128419fc92b28b0fd57a1800658, type: 3}
  m_PrefabInstance: {fileID: 2699527091361144072}
  m_PrefabAsset: {fileID: 0}
--- !u!1001 &3200895147281342520
PrefabInstance:
  m_ObjectHideFlags: 0
  serializedVersion: 2
  m_Modification:
    serializedVersion: 3
    m_TransformParent: {fileID: 315656062423163952}
    m_Modifications:
    - target: {fileID: 2805445309056351545, guid: 81103128419fc92b28b0fd57a1800658, type: 3}
      propertyPath: spawnArea
      value: 
      objectReference: {fileID: 8256951228140056716}
    - target: {fileID: 4569664815053312029, guid: 81103128419fc92b28b0fd57a1800658, type: 3}
      propertyPath: m_RootOrder
      value: -1
      objectReference: {fileID: 0}
    - target: {fileID: 4569664815053312029, guid: 81103128419fc92b28b0fd57a1800658, type: 3}
      propertyPath: m_LocalScale.x
      value: 0.085522905
      objectReference: {fileID: 0}
    - target: {fileID: 4569664815053312029, guid: 81103128419fc92b28b0fd57a1800658, type: 3}
      propertyPath: m_LocalScale.y
      value: 1.7534523
      objectReference: {fileID: 0}
    - target: {fileID: 4569664815053312029, guid: 81103128419fc92b28b0fd57a1800658, type: 3}
      propertyPath: m_LocalScale.z
      value: 0.085522905
      objectReference: {fileID: 0}
    - target: {fileID: 4569664815053312029, guid: 81103128419fc92b28b0fd57a1800658, type: 3}
      propertyPath: m_LocalPosition.x
      value: 0.037251633
      objectReference: {fileID: 0}
    - target: {fileID: 4569664815053312029, guid: 81103128419fc92b28b0fd57a1800658, type: 3}
      propertyPath: m_LocalPosition.y
      value: 0.46992522
      objectReference: {fileID: 0}
    - target: {fileID: 4569664815053312029, guid: 81103128419fc92b28b0fd57a1800658, type: 3}
      propertyPath: m_LocalPosition.z
      value: -0.4513765
      objectReference: {fileID: 0}
    - target: {fileID: 4569664815053312029, guid: 81103128419fc92b28b0fd57a1800658, type: 3}
      propertyPath: m_LocalRotation.w
      value: 0.9238797
      objectReference: {fileID: 0}
    - target: {fileID: 4569664815053312029, guid: 81103128419fc92b28b0fd57a1800658, type: 3}
      propertyPath: m_LocalRotation.x
      value: -0
      objectReference: {fileID: 0}
    - target: {fileID: 4569664815053312029, guid: 81103128419fc92b28b0fd57a1800658, type: 3}
      propertyPath: m_LocalRotation.y
      value: -0.38268322
      objectReference: {fileID: 0}
    - target: {fileID: 4569664815053312029, guid: 81103128419fc92b28b0fd57a1800658, type: 3}
      propertyPath: m_LocalRotation.z
      value: -0
      objectReference: {fileID: 0}
    - target: {fileID: 4569664815053312029, guid: 81103128419fc92b28b0fd57a1800658, type: 3}
      propertyPath: m_LocalEulerAnglesHint.x
      value: 0
      objectReference: {fileID: 0}
    - target: {fileID: 4569664815053312029, guid: 81103128419fc92b28b0fd57a1800658, type: 3}
      propertyPath: m_LocalEulerAnglesHint.y
      value: 0
      objectReference: {fileID: 0}
    - target: {fileID: 4569664815053312029, guid: 81103128419fc92b28b0fd57a1800658, type: 3}
      propertyPath: m_LocalEulerAnglesHint.z
      value: 0
      objectReference: {fileID: 0}
    - target: {fileID: 7663968594403934939, guid: 81103128419fc92b28b0fd57a1800658, type: 3}
      propertyPath: m_Name
      value: FrogEnemy
      objectReference: {fileID: 0}
    m_RemovedComponents: []
    m_RemovedGameObjects: []
    m_AddedGameObjects: []
    m_AddedComponents: []
  m_SourcePrefab: {fileID: 100100000, guid: 81103128419fc92b28b0fd57a1800658, type: 3}
--- !u!114 &758061076585585921 stripped
MonoBehaviour:
  m_CorrespondingSourceObject: {fileID: 2805445309056351545, guid: 81103128419fc92b28b0fd57a1800658, type: 3}
  m_PrefabInstance: {fileID: 3200895147281342520}
  m_PrefabAsset: {fileID: 0}
  m_GameObject: {fileID: 0}
  m_Enabled: 1
  m_EditorHideFlags: 0
  m_Script: {fileID: 11500000, guid: 08a6da6e25ee482dafb186cacd463d2b, type: 3}
  m_Name: 
  m_EditorClassIdentifier: 
--- !u!4 &1369491061220798501 stripped
Transform:
  m_CorrespondingSourceObject: {fileID: 4569664815053312029, guid: 81103128419fc92b28b0fd57a1800658, type: 3}
  m_PrefabInstance: {fileID: 3200895147281342520}
  m_PrefabAsset: {fileID: 0}
--- !u!1001 &3435708262333147597
PrefabInstance:
  m_ObjectHideFlags: 0
  serializedVersion: 2
  m_Modification:
    serializedVersion: 3
    m_TransformParent: {fileID: 315656062423163952}
    m_Modifications:
    - target: {fileID: 2805445309056351545, guid: 81103128419fc92b28b0fd57a1800658, type: 3}
      propertyPath: spawnArea
      value: 
      objectReference: {fileID: 8256951228140056716}
    - target: {fileID: 4569664815053312029, guid: 81103128419fc92b28b0fd57a1800658, type: 3}
      propertyPath: m_RootOrder
      value: -1
      objectReference: {fileID: 0}
    - target: {fileID: 4569664815053312029, guid: 81103128419fc92b28b0fd57a1800658, type: 3}
      propertyPath: m_LocalScale.x
      value: 0.085522905
      objectReference: {fileID: 0}
    - target: {fileID: 4569664815053312029, guid: 81103128419fc92b28b0fd57a1800658, type: 3}
      propertyPath: m_LocalScale.y
      value: 1.7534523
      objectReference: {fileID: 0}
    - target: {fileID: 4569664815053312029, guid: 81103128419fc92b28b0fd57a1800658, type: 3}
      propertyPath: m_LocalScale.z
      value: 0.085522905
      objectReference: {fileID: 0}
    - target: {fileID: 4569664815053312029, guid: 81103128419fc92b28b0fd57a1800658, type: 3}
      propertyPath: m_LocalPosition.x
      value: 0.44218466
      objectReference: {fileID: 0}
    - target: {fileID: 4569664815053312029, guid: 81103128419fc92b28b0fd57a1800658, type: 3}
      propertyPath: m_LocalPosition.y
      value: 0.46992522
      objectReference: {fileID: 0}
    - target: {fileID: 4569664815053312029, guid: 81103128419fc92b28b0fd57a1800658, type: 3}
      propertyPath: m_LocalPosition.z
      value: -0.16158624
      objectReference: {fileID: 0}
    - target: {fileID: 4569664815053312029, guid: 81103128419fc92b28b0fd57a1800658, type: 3}
      propertyPath: m_LocalRotation.w
      value: 0.9238797
      objectReference: {fileID: 0}
    - target: {fileID: 4569664815053312029, guid: 81103128419fc92b28b0fd57a1800658, type: 3}
      propertyPath: m_LocalRotation.x
      value: -0
      objectReference: {fileID: 0}
    - target: {fileID: 4569664815053312029, guid: 81103128419fc92b28b0fd57a1800658, type: 3}
      propertyPath: m_LocalRotation.y
      value: -0.38268322
      objectReference: {fileID: 0}
    - target: {fileID: 4569664815053312029, guid: 81103128419fc92b28b0fd57a1800658, type: 3}
      propertyPath: m_LocalRotation.z
      value: -0
      objectReference: {fileID: 0}
    - target: {fileID: 4569664815053312029, guid: 81103128419fc92b28b0fd57a1800658, type: 3}
      propertyPath: m_LocalEulerAnglesHint.x
      value: 0
      objectReference: {fileID: 0}
    - target: {fileID: 4569664815053312029, guid: 81103128419fc92b28b0fd57a1800658, type: 3}
      propertyPath: m_LocalEulerAnglesHint.y
      value: 0
      objectReference: {fileID: 0}
    - target: {fileID: 4569664815053312029, guid: 81103128419fc92b28b0fd57a1800658, type: 3}
      propertyPath: m_LocalEulerAnglesHint.z
      value: 0
      objectReference: {fileID: 0}
    - target: {fileID: 7663968594403934939, guid: 81103128419fc92b28b0fd57a1800658, type: 3}
      propertyPath: m_Name
      value: FrogEnemy (3)
      objectReference: {fileID: 0}
    m_RemovedComponents: []
    m_RemovedGameObjects: []
    m_AddedGameObjects: []
    m_AddedComponents: []
  m_SourcePrefab: {fileID: 100100000, guid: 81103128419fc92b28b0fd57a1800658, type: 3}
--- !u!114 &666787638999192820 stripped
MonoBehaviour:
  m_CorrespondingSourceObject: {fileID: 2805445309056351545, guid: 81103128419fc92b28b0fd57a1800658, type: 3}
  m_PrefabInstance: {fileID: 3435708262333147597}
  m_PrefabAsset: {fileID: 0}
  m_GameObject: {fileID: 0}
  m_Enabled: 1
  m_EditorHideFlags: 0
  m_Script: {fileID: 11500000, guid: 08a6da6e25ee482dafb186cacd463d2b, type: 3}
  m_Name: 
  m_EditorClassIdentifier: 
--- !u!4 &1208270396162800080 stripped
Transform:
  m_CorrespondingSourceObject: {fileID: 4569664815053312029, guid: 81103128419fc92b28b0fd57a1800658, type: 3}
  m_PrefabInstance: {fileID: 3435708262333147597}
  m_PrefabAsset: {fileID: 0}
--- !u!1001 &4216068050417052661
PrefabInstance:
  m_ObjectHideFlags: 0
  serializedVersion: 2
  m_Modification:
    serializedVersion: 3
    m_TransformParent: {fileID: 315656062423163952}
    m_Modifications:
    - target: {fileID: 2805445309056351545, guid: 81103128419fc92b28b0fd57a1800658, type: 3}
      propertyPath: spawnArea
      value: 
      objectReference: {fileID: 8256951228140056716}
    - target: {fileID: 4569664815053312029, guid: 81103128419fc92b28b0fd57a1800658, type: 3}
      propertyPath: m_RootOrder
      value: -1
      objectReference: {fileID: 0}
    - target: {fileID: 4569664815053312029, guid: 81103128419fc92b28b0fd57a1800658, type: 3}
      propertyPath: m_LocalScale.x
      value: 0.085522905
      objectReference: {fileID: 0}
    - target: {fileID: 4569664815053312029, guid: 81103128419fc92b28b0fd57a1800658, type: 3}
      propertyPath: m_LocalScale.y
      value: 1.7534523
      objectReference: {fileID: 0}
    - target: {fileID: 4569664815053312029, guid: 81103128419fc92b28b0fd57a1800658, type: 3}
      propertyPath: m_LocalScale.z
      value: 0.085522905
      objectReference: {fileID: 0}
    - target: {fileID: 4569664815053312029, guid: 81103128419fc92b28b0fd57a1800658, type: 3}
      propertyPath: m_LocalPosition.x
      value: 0.3507483
      objectReference: {fileID: 0}
    - target: {fileID: 4569664815053312029, guid: 81103128419fc92b28b0fd57a1800658, type: 3}
      propertyPath: m_LocalPosition.y
      value: 0.46992522
      objectReference: {fileID: 0}
    - target: {fileID: 4569664815053312029, guid: 81103128419fc92b28b0fd57a1800658, type: 3}
      propertyPath: m_LocalPosition.z
      value: 0.21528663
      objectReference: {fileID: 0}
    - target: {fileID: 4569664815053312029, guid: 81103128419fc92b28b0fd57a1800658, type: 3}
      propertyPath: m_LocalRotation.w
      value: 0.9238797
      objectReference: {fileID: 0}
    - target: {fileID: 4569664815053312029, guid: 81103128419fc92b28b0fd57a1800658, type: 3}
      propertyPath: m_LocalRotation.x
      value: -0
      objectReference: {fileID: 0}
    - target: {fileID: 4569664815053312029, guid: 81103128419fc92b28b0fd57a1800658, type: 3}
      propertyPath: m_LocalRotation.y
      value: -0.38268322
      objectReference: {fileID: 0}
    - target: {fileID: 4569664815053312029, guid: 81103128419fc92b28b0fd57a1800658, type: 3}
      propertyPath: m_LocalRotation.z
      value: -0
      objectReference: {fileID: 0}
    - target: {fileID: 4569664815053312029, guid: 81103128419fc92b28b0fd57a1800658, type: 3}
      propertyPath: m_LocalEulerAnglesHint.x
      value: 0
      objectReference: {fileID: 0}
    - target: {fileID: 4569664815053312029, guid: 81103128419fc92b28b0fd57a1800658, type: 3}
      propertyPath: m_LocalEulerAnglesHint.y
      value: 0
      objectReference: {fileID: 0}
    - target: {fileID: 4569664815053312029, guid: 81103128419fc92b28b0fd57a1800658, type: 3}
      propertyPath: m_LocalEulerAnglesHint.z
      value: 0
      objectReference: {fileID: 0}
    - target: {fileID: 7663968594403934939, guid: 81103128419fc92b28b0fd57a1800658, type: 3}
      propertyPath: m_Name
      value: FrogEnemy (4)
      objectReference: {fileID: 0}
    m_RemovedComponents: []
    m_RemovedGameObjects: []
    m_AddedGameObjects: []
    m_AddedComponents: []
  m_SourcePrefab: {fileID: 100100000, guid: 81103128419fc92b28b0fd57a1800658, type: 3}
--- !u!4 &425817205182168040 stripped
Transform:
  m_CorrespondingSourceObject: {fileID: 4569664815053312029, guid: 81103128419fc92b28b0fd57a1800658, type: 3}
  m_PrefabInstance: {fileID: 4216068050417052661}
  m_PrefabAsset: {fileID: 0}
--- !u!114 &2048163838555952844 stripped
MonoBehaviour:
  m_CorrespondingSourceObject: {fileID: 2805445309056351545, guid: 81103128419fc92b28b0fd57a1800658, type: 3}
  m_PrefabInstance: {fileID: 4216068050417052661}
  m_PrefabAsset: {fileID: 0}
  m_GameObject: {fileID: 0}
  m_Enabled: 1
  m_EditorHideFlags: 0
  m_Script: {fileID: 11500000, guid: 08a6da6e25ee482dafb186cacd463d2b, type: 3}
  m_Name: 
  m_EditorClassIdentifier: 
--- !u!1001 &6348037538215771949
PrefabInstance:
  m_ObjectHideFlags: 0
  serializedVersion: 2
  m_Modification:
    serializedVersion: 3
    m_TransformParent: {fileID: 315656062423163952}
    m_Modifications:
    - target: {fileID: 2805445309056351545, guid: 81103128419fc92b28b0fd57a1800658, type: 3}
      propertyPath: spawnArea
      value: 
      objectReference: {fileID: 8256951228140056716}
    - target: {fileID: 4569664815053312029, guid: 81103128419fc92b28b0fd57a1800658, type: 3}
      propertyPath: m_RootOrder
      value: -1
      objectReference: {fileID: 0}
    - target: {fileID: 4569664815053312029, guid: 81103128419fc92b28b0fd57a1800658, type: 3}
      propertyPath: m_LocalScale.x
      value: 0.085522905
      objectReference: {fileID: 0}
    - target: {fileID: 4569664815053312029, guid: 81103128419fc92b28b0fd57a1800658, type: 3}
      propertyPath: m_LocalScale.y
      value: 1.7534523
      objectReference: {fileID: 0}
    - target: {fileID: 4569664815053312029, guid: 81103128419fc92b28b0fd57a1800658, type: 3}
      propertyPath: m_LocalScale.z
      value: 0.085522905
      objectReference: {fileID: 0}
    - target: {fileID: 4569664815053312029, guid: 81103128419fc92b28b0fd57a1800658, type: 3}
      propertyPath: m_LocalPosition.x
      value: -0.20802985
      objectReference: {fileID: 0}
    - target: {fileID: 4569664815053312029, guid: 81103128419fc92b28b0fd57a1800658, type: 3}
      propertyPath: m_LocalPosition.y
      value: 0.46992522
      objectReference: {fileID: 0}
    - target: {fileID: 4569664815053312029, guid: 81103128419fc92b28b0fd57a1800658, type: 3}
      propertyPath: m_LocalPosition.z
      value: 0.3086586
      objectReference: {fileID: 0}
    - target: {fileID: 4569664815053312029, guid: 81103128419fc92b28b0fd57a1800658, type: 3}
      propertyPath: m_LocalRotation.w
      value: 0.9238797
      objectReference: {fileID: 0}
    - target: {fileID: 4569664815053312029, guid: 81103128419fc92b28b0fd57a1800658, type: 3}
      propertyPath: m_LocalRotation.x
      value: -0
      objectReference: {fileID: 0}
    - target: {fileID: 4569664815053312029, guid: 81103128419fc92b28b0fd57a1800658, type: 3}
      propertyPath: m_LocalRotation.y
      value: -0.38268322
      objectReference: {fileID: 0}
    - target: {fileID: 4569664815053312029, guid: 81103128419fc92b28b0fd57a1800658, type: 3}
      propertyPath: m_LocalRotation.z
      value: -0
      objectReference: {fileID: 0}
    - target: {fileID: 4569664815053312029, guid: 81103128419fc92b28b0fd57a1800658, type: 3}
      propertyPath: m_LocalEulerAnglesHint.x
      value: 0
      objectReference: {fileID: 0}
    - target: {fileID: 4569664815053312029, guid: 81103128419fc92b28b0fd57a1800658, type: 3}
      propertyPath: m_LocalEulerAnglesHint.y
      value: 0
      objectReference: {fileID: 0}
    - target: {fileID: 4569664815053312029, guid: 81103128419fc92b28b0fd57a1800658, type: 3}
      propertyPath: m_LocalEulerAnglesHint.z
      value: 0
      objectReference: {fileID: 0}
    - target: {fileID: 7663968594403934939, guid: 81103128419fc92b28b0fd57a1800658, type: 3}
      propertyPath: m_Name
      value: FrogEnemy (7)
      objectReference: {fileID: 0}
    m_RemovedComponents: []
    m_RemovedGameObjects: []
    m_AddedGameObjects: []
    m_AddedComponents: []
  m_SourcePrefab: {fileID: 100100000, guid: 81103128419fc92b28b0fd57a1800658, type: 3}
--- !u!4 &7454151664189615920 stripped
Transform:
  m_CorrespondingSourceObject: {fileID: 4569664815053312029, guid: 81103128419fc92b28b0fd57a1800658, type: 3}
  m_PrefabInstance: {fileID: 6348037538215771949}
  m_PrefabAsset: {fileID: 0}
--- !u!114 &9148555927008625172 stripped
MonoBehaviour:
  m_CorrespondingSourceObject: {fileID: 2805445309056351545, guid: 81103128419fc92b28b0fd57a1800658, type: 3}
  m_PrefabInstance: {fileID: 6348037538215771949}
  m_PrefabAsset: {fileID: 0}
  m_GameObject: {fileID: 0}
  m_Enabled: 1
  m_EditorHideFlags: 0
  m_Script: {fileID: 11500000, guid: 08a6da6e25ee482dafb186cacd463d2b, type: 3}
  m_Name: 
  m_EditorClassIdentifier: 
--- !u!1001 &6378101344827428157
PrefabInstance:
  m_ObjectHideFlags: 0
  serializedVersion: 2
  m_Modification:
    serializedVersion: 3
    m_TransformParent: {fileID: 315656062423163952}
    m_Modifications:
    - target: {fileID: 2805445309056351545, guid: 81103128419fc92b28b0fd57a1800658, type: 3}
      propertyPath: spawnArea
      value: 
      objectReference: {fileID: 8256951228140056716}
    - target: {fileID: 4569664815053312029, guid: 81103128419fc92b28b0fd57a1800658, type: 3}
      propertyPath: m_RootOrder
      value: -1
      objectReference: {fileID: 0}
    - target: {fileID: 4569664815053312029, guid: 81103128419fc92b28b0fd57a1800658, type: 3}
      propertyPath: m_LocalScale.x
      value: 0.085522905
      objectReference: {fileID: 0}
    - target: {fileID: 4569664815053312029, guid: 81103128419fc92b28b0fd57a1800658, type: 3}
      propertyPath: m_LocalScale.y
      value: 1.7534523
      objectReference: {fileID: 0}
    - target: {fileID: 4569664815053312029, guid: 81103128419fc92b28b0fd57a1800658, type: 3}
      propertyPath: m_LocalScale.z
      value: 0.085522905
      objectReference: {fileID: 0}
    - target: {fileID: 4569664815053312029, guid: 81103128419fc92b28b0fd57a1800658, type: 3}
      propertyPath: m_LocalPosition.x
      value: 0.16594006
      objectReference: {fileID: 0}
    - target: {fileID: 4569664815053312029, guid: 81103128419fc92b28b0fd57a1800658, type: 3}
      propertyPath: m_LocalPosition.y
      value: 0.46992522
      objectReference: {fileID: 0}
    - target: {fileID: 4569664815053312029, guid: 81103128419fc92b28b0fd57a1800658, type: 3}
      propertyPath: m_LocalPosition.z
      value: -0.16787545
      objectReference: {fileID: 0}
    - target: {fileID: 4569664815053312029, guid: 81103128419fc92b28b0fd57a1800658, type: 3}
      propertyPath: m_LocalRotation.w
      value: 0.9238797
      objectReference: {fileID: 0}
    - target: {fileID: 4569664815053312029, guid: 81103128419fc92b28b0fd57a1800658, type: 3}
      propertyPath: m_LocalRotation.x
      value: -0
      objectReference: {fileID: 0}
    - target: {fileID: 4569664815053312029, guid: 81103128419fc92b28b0fd57a1800658, type: 3}
      propertyPath: m_LocalRotation.y
      value: -0.38268322
      objectReference: {fileID: 0}
    - target: {fileID: 4569664815053312029, guid: 81103128419fc92b28b0fd57a1800658, type: 3}
      propertyPath: m_LocalRotation.z
      value: -0
      objectReference: {fileID: 0}
    - target: {fileID: 4569664815053312029, guid: 81103128419fc92b28b0fd57a1800658, type: 3}
      propertyPath: m_LocalEulerAnglesHint.x
      value: 0
      objectReference: {fileID: 0}
    - target: {fileID: 4569664815053312029, guid: 81103128419fc92b28b0fd57a1800658, type: 3}
      propertyPath: m_LocalEulerAnglesHint.y
      value: 0
      objectReference: {fileID: 0}
    - target: {fileID: 4569664815053312029, guid: 81103128419fc92b28b0fd57a1800658, type: 3}
      propertyPath: m_LocalEulerAnglesHint.z
      value: 0
      objectReference: {fileID: 0}
    - target: {fileID: 7663968594403934939, guid: 81103128419fc92b28b0fd57a1800658, type: 3}
      propertyPath: m_Name
      value: FrogEnemy (2)
      objectReference: {fileID: 0}
    m_RemovedComponents: []
    m_RemovedGameObjects: []
    m_AddedGameObjects: []
    m_AddedComponents: []
  m_SourcePrefab: {fileID: 100100000, guid: 81103128419fc92b28b0fd57a1800658, type: 3}
--- !u!4 &7487556061948009760 stripped
Transform:
  m_CorrespondingSourceObject: {fileID: 4569664815053312029, guid: 81103128419fc92b28b0fd57a1800658, type: 3}
  m_PrefabInstance: {fileID: 6378101344827428157}
  m_PrefabAsset: {fileID: 0}
--- !u!114 &9110044017998409732 stripped
MonoBehaviour:
  m_CorrespondingSourceObject: {fileID: 2805445309056351545, guid: 81103128419fc92b28b0fd57a1800658, type: 3}
  m_PrefabInstance: {fileID: 6378101344827428157}
  m_PrefabAsset: {fileID: 0}
  m_GameObject: {fileID: 0}
  m_Enabled: 1
  m_EditorHideFlags: 0
  m_Script: {fileID: 11500000, guid: 08a6da6e25ee482dafb186cacd463d2b, type: 3}
  m_Name: 
  m_EditorClassIdentifier: 
