%YAML 1.1
%TAG !u! tag:unity3d.com,2011:
--- !u!29 &1
OcclusionCullingSettings:
  m_ObjectHideFlags: 0
  serializedVersion: 2
  m_OcclusionBakeSettings:
    smallestOccluder: 5
    smallestHole: 0.25
    backfaceThreshold: 100
  m_SceneGUID: 00000000000000000000000000000000
  m_OcclusionCullingData: {fileID: 0}
--- !u!104 &2
RenderSettings:
  m_ObjectHideFlags: 0
  serializedVersion: 9
  m_Fog: 0
  m_FogColor: {r: 0.5, g: 0.5, b: 0.5, a: 1}
  m_FogMode: 3
  m_FogDensity: 0.01
  m_LinearFogStart: 0
  m_LinearFogEnd: 300
  m_AmbientSkyColor: {r: 0.212, g: 0.227, b: 0.259, a: 1}
  m_AmbientEquatorColor: {r: 0.114, g: 0.125, b: 0.133, a: 1}
  m_AmbientGroundColor: {r: 0.047, g: 0.043, b: 0.035, a: 1}
  m_AmbientIntensity: 1
  m_AmbientMode: 0
  m_SubtractiveShadowColor: {r: 0.42, g: 0.478, b: 0.627, a: 1}
  m_SkyboxMaterial: {fileID: 10304, guid: 0000000000000000f000000000000000, type: 0}
  m_HaloStrength: 0.5
  m_FlareStrength: 1
  m_FlareFadeSpeed: 3
  m_HaloTexture: {fileID: 0}
  m_SpotCookie: {fileID: 10001, guid: 0000000000000000e000000000000000, type: 0}
  m_DefaultReflectionMode: 0
  m_DefaultReflectionResolution: 128
  m_ReflectionBounces: 1
  m_ReflectionIntensity: 1
  m_CustomReflection: {fileID: 0}
  m_Sun: {fileID: 0}
  m_IndirectSpecularColor: {r: 0.12731749, g: 0.13414757, b: 0.1210787, a: 1}
  m_UseRadianceAmbientProbe: 0
--- !u!157 &3
LightmapSettings:
  m_ObjectHideFlags: 0
  serializedVersion: 12
  m_GIWorkflowMode: 1
  m_GISettings:
    serializedVersion: 2
    m_BounceScale: 1
    m_IndirectOutputScale: 1
    m_AlbedoBoost: 1
    m_EnvironmentLightingMode: 0
    m_EnableBakedLightmaps: 1
    m_EnableRealtimeLightmaps: 0
  m_LightmapEditorSettings:
    serializedVersion: 12
    m_Resolution: 2
    m_BakeResolution: 40
    m_AtlasSize: 1024
    m_AO: 0
    m_AOMaxDistance: 1
    m_CompAOExponent: 1
    m_CompAOExponentDirect: 0
    m_ExtractAmbientOcclusion: 0
    m_Padding: 2
    m_LightmapParameters: {fileID: 0}
    m_LightmapsBakeMode: 1
    m_TextureCompression: 1
    m_FinalGather: 0
    m_FinalGatherFiltering: 1
    m_FinalGatherRayCount: 256
    m_ReflectionCompression: 2
    m_MixedBakeMode: 2
    m_BakeBackend: 1
    m_PVRSampling: 1
    m_PVRDirectSampleCount: 32
    m_PVRSampleCount: 512
    m_PVRBounces: 2
    m_PVREnvironmentSampleCount: 256
    m_PVREnvironmentReferencePointCount: 2048
    m_PVRFilteringMode: 1
    m_PVRDenoiserTypeDirect: 1
    m_PVRDenoiserTypeIndirect: 1
    m_PVRDenoiserTypeAO: 1
    m_PVRFilterTypeDirect: 0
    m_PVRFilterTypeIndirect: 0
    m_PVRFilterTypeAO: 0
    m_PVREnvironmentMIS: 1
    m_PVRCulling: 1
    m_PVRFilteringGaussRadiusDirect: 1
    m_PVRFilteringGaussRadiusIndirect: 5
    m_PVRFilteringGaussRadiusAO: 2
    m_PVRFilteringAtrousPositionSigmaDirect: 0.5
    m_PVRFilteringAtrousPositionSigmaIndirect: 2
    m_PVRFilteringAtrousPositionSigmaAO: 1
    m_ExportTrainingData: 0
    m_TrainingDataDestination: TrainingData
    m_LightProbeSampleCountMultiplier: 4
  m_LightingDataAsset: {fileID: 0}
  m_LightingSettings: {fileID: 0}
--- !u!196 &4
NavMeshSettings:
  serializedVersion: 2
  m_ObjectHideFlags: 0
  m_BuildSettings:
    serializedVersion: 3
    agentTypeID: 0
    agentRadius: 0.5
    agentHeight: 2
    agentSlope: 45
    agentClimb: 0.4
    ledgeDropHeight: 0
    maxJumpAcrossDistance: 0
    minRegionArea: 2
    manualCellSize: 0
    cellSize: 0.16666667
    manualTileSize: 0
    tileSize: 256
    buildHeightMesh: 0
    maxJobWorkers: 0
    preserveTilesOutsideBounds: 0
    debug:
      m_Flags: 0
  m_NavMeshData: {fileID: 0}
--- !u!1001 &62192370
PrefabInstance:
  m_ObjectHideFlags: 0
  serializedVersion: 2
  m_Modification:
    serializedVersion: 3
    m_TransformParent: {fileID: 1232799705}
    m_Modifications:
    - target: {fileID: 457512615794234930, guid: 2b475c936833b6b419f0232dcee62d79, type: 3}
      propertyPath: m_RootOrder
      value: -1
      objectReference: {fileID: 0}
    - target: {fileID: 457512615794234930, guid: 2b475c936833b6b419f0232dcee62d79, type: 3}
      propertyPath: m_LocalPosition.x
      value: -5.275012
      objectReference: {fileID: 0}
    - target: {fileID: 457512615794234930, guid: 2b475c936833b6b419f0232dcee62d79, type: 3}
      propertyPath: m_LocalPosition.y
      value: 0
      objectReference: {fileID: 0}
    - target: {fileID: 457512615794234930, guid: 2b475c936833b6b419f0232dcee62d79, type: 3}
      propertyPath: m_LocalPosition.z
      value: -7.4953356
      objectReference: {fileID: 0}
    - target: {fileID: 457512615794234930, guid: 2b475c936833b6b419f0232dcee62d79, type: 3}
      propertyPath: m_LocalRotation.w
      value: 0.38268316
      objectReference: {fileID: 0}
    - target: {fileID: 457512615794234930, guid: 2b475c936833b6b419f0232dcee62d79, type: 3}
      propertyPath: m_LocalRotation.x
      value: -0
      objectReference: {fileID: 0}
    - target: {fileID: 457512615794234930, guid: 2b475c936833b6b419f0232dcee62d79, type: 3}
      propertyPath: m_LocalRotation.y
      value: -0.9238797
      objectReference: {fileID: 0}
    - target: {fileID: 457512615794234930, guid: 2b475c936833b6b419f0232dcee62d79, type: 3}
      propertyPath: m_LocalRotation.z
      value: -0
      objectReference: {fileID: 0}
    - target: {fileID: 457512615794234930, guid: 2b475c936833b6b419f0232dcee62d79, type: 3}
      propertyPath: m_LocalEulerAnglesHint.x
      value: 0
      objectReference: {fileID: 0}
    - target: {fileID: 457512615794234930, guid: 2b475c936833b6b419f0232dcee62d79, type: 3}
      propertyPath: m_LocalEulerAnglesHint.y
      value: 0
      objectReference: {fileID: 0}
    - target: {fileID: 457512615794234930, guid: 2b475c936833b6b419f0232dcee62d79, type: 3}
      propertyPath: m_LocalEulerAnglesHint.z
      value: 0
      objectReference: {fileID: 0}
    - target: {fileID: 8765727601922211513, guid: 2b475c936833b6b419f0232dcee62d79, type: 3}
      propertyPath: m_Name
      value: room4_wContent_01
      objectReference: {fileID: 0}
    m_RemovedComponents: []
    m_RemovedGameObjects: []
    m_AddedGameObjects: []
    m_AddedComponents: []
  m_SourcePrefab: {fileID: 100100000, guid: 2b475c936833b6b419f0232dcee62d79, type: 3}
--- !u!4 &62192371 stripped
Transform:
  m_CorrespondingSourceObject: {fileID: 457512615794234930, guid: 2b475c936833b6b419f0232dcee62d79, type: 3}
  m_PrefabInstance: {fileID: 62192370}
  m_PrefabAsset: {fileID: 0}
--- !u!1 &319286963
GameObject:
  m_ObjectHideFlags: 0
  m_CorrespondingSourceObject: {fileID: 0}
  m_PrefabInstance: {fileID: 0}
  m_PrefabAsset: {fileID: 0}
  serializedVersion: 6
  m_Component:
  - component: {fileID: 319286964}
  m_Layer: 0
  m_Name: Level
  m_TagString: Untagged
  m_Icon: {fileID: 0}
  m_NavMeshLayer: 0
  m_StaticEditorFlags: 0
  m_IsActive: 1
--- !u!4 &319286964
Transform:
  m_ObjectHideFlags: 0
  m_CorrespondingSourceObject: {fileID: 0}
  m_PrefabInstance: {fileID: 0}
  m_PrefabAsset: {fileID: 0}
  m_GameObject: {fileID: 319286963}
  m_LocalRotation: {x: 0, y: 0, z: 0, w: 1}
  m_LocalPosition: {x: -0.33, y: 0, z: 0.96}
  m_LocalScale: {x: 1, y: 1, z: 1}
  m_ConstrainProportionsScale: 0
  m_Children:
  - {fileID: 936860338}
  - {fileID: 741045537}
  - {fileID: 1232799705}
  m_Father: {fileID: 0}
  m_RootOrder: 0
  m_LocalEulerAnglesHint: {x: 0, y: 0, z: 0}
--- !u!1 &319901093
GameObject:
  m_ObjectHideFlags: 0
  m_CorrespondingSourceObject: {fileID: 0}
  m_PrefabInstance: {fileID: 0}
  m_PrefabAsset: {fileID: 0}
  serializedVersion: 6
  m_Component:
  - component: {fileID: 319901094}
  m_Layer: 0
  m_Name: RoomConnector (1)
  m_TagString: Untagged
  m_Icon: {fileID: 0}
  m_NavMeshLayer: 0
  m_StaticEditorFlags: 0
  m_IsActive: 1
--- !u!4 &319901094
Transform:
  m_ObjectHideFlags: 0
  m_CorrespondingSourceObject: {fileID: 0}
  m_PrefabInstance: {fileID: 0}
  m_PrefabAsset: {fileID: 0}
  m_GameObject: {fileID: 319901093}
  m_LocalRotation: {x: -0, y: -1, z: -0, w: 0.0000005066395}
  m_LocalPosition: {x: 8.867122, y: 0, z: 0}
  m_LocalScale: {x: 1, y: 1, z: 1}
  m_ConstrainProportionsScale: 0
  m_Children:
  - {fileID: 1937802392}
  - {fileID: 1051236519}
  m_Father: {fileID: 1693664529}
  m_RootOrder: -1
  m_LocalEulerAnglesHint: {x: 0, y: 135, z: 0}
--- !u!1 &451908195
GameObject:
  m_ObjectHideFlags: 0
  m_CorrespondingSourceObject: {fileID: 0}
  m_PrefabInstance: {fileID: 0}
  m_PrefabAsset: {fileID: 0}
  serializedVersion: 6
  m_Component:
  - component: {fileID: 451908196}
  m_Layer: 0
  m_Name: RoomConnector (4)
  m_TagString: Untagged
  m_Icon: {fileID: 0}
  m_NavMeshLayer: 0
  m_StaticEditorFlags: 0
  m_IsActive: 1
--- !u!4 &451908196
Transform:
  m_ObjectHideFlags: 0
  m_CorrespondingSourceObject: {fileID: 0}
  m_PrefabInstance: {fileID: 0}
  m_PrefabAsset: {fileID: 0}
  m_GameObject: {fileID: 451908195}
  m_LocalRotation: {x: -0, y: 0.00000044703472, z: 0, w: -1}
  m_LocalPosition: {x: 11.695586, y: 0, z: -19.996943}
  m_LocalScale: {x: 1, y: 1, z: 1}
  m_ConstrainProportionsScale: 0
  m_Children:
  - {fileID: 469482013}
  - {fileID: 896400290}
  m_Father: {fileID: 1051236519}
  m_RootOrder: -1
  m_LocalEulerAnglesHint: {x: 0, y: 135, z: 0}
--- !u!1001 &456552109
PrefabInstance:
  m_ObjectHideFlags: 0
  serializedVersion: 2
  m_Modification:
    serializedVersion: 3
    m_TransformParent: {fileID: 319286964}
    m_Modifications:
    - target: {fileID: 3392007419711827979, guid: 9d9bd1dd3833cc74cae864408d7c735e, type: 3}
      propertyPath: m_RootOrder
      value: -1
      objectReference: {fileID: 0}
    - target: {fileID: 3392007419711827979, guid: 9d9bd1dd3833cc74cae864408d7c735e, type: 3}
      propertyPath: m_LocalPosition.x
      value: -61.7
      objectReference: {fileID: 0}
    - target: {fileID: 3392007419711827979, guid: 9d9bd1dd3833cc74cae864408d7c735e, type: 3}
      propertyPath: m_LocalPosition.y
      value: 0
      objectReference: {fileID: 0}
    - target: {fileID: 3392007419711827979, guid: 9d9bd1dd3833cc74cae864408d7c735e, type: 3}
      propertyPath: m_LocalPosition.z
      value: 64.7
      objectReference: {fileID: 0}
    - target: {fileID: 3392007419711827979, guid: 9d9bd1dd3833cc74cae864408d7c735e, type: 3}
      propertyPath: m_LocalRotation.w
      value: -0.000000059604645
      objectReference: {fileID: 0}
    - target: {fileID: 3392007419711827979, guid: 9d9bd1dd3833cc74cae864408d7c735e, type: 3}
      propertyPath: m_LocalRotation.x
      value: -0
      objectReference: {fileID: 0}
    - target: {fileID: 3392007419711827979, guid: 9d9bd1dd3833cc74cae864408d7c735e, type: 3}
      propertyPath: m_LocalRotation.y
      value: -1
      objectReference: {fileID: 0}
    - target: {fileID: 3392007419711827979, guid: 9d9bd1dd3833cc74cae864408d7c735e, type: 3}
      propertyPath: m_LocalRotation.z
      value: -0
      objectReference: {fileID: 0}
    - target: {fileID: 3392007419711827979, guid: 9d9bd1dd3833cc74cae864408d7c735e, type: 3}
      propertyPath: m_LocalEulerAnglesHint.x
      value: 0
      objectReference: {fileID: 0}
    - target: {fileID: 3392007419711827979, guid: 9d9bd1dd3833cc74cae864408d7c735e, type: 3}
      propertyPath: m_LocalEulerAnglesHint.y
      value: -180
      objectReference: {fileID: 0}
    - target: {fileID: 3392007419711827979, guid: 9d9bd1dd3833cc74cae864408d7c735e, type: 3}
      propertyPath: m_LocalEulerAnglesHint.z
      value: 0
      objectReference: {fileID: 0}
    - target: {fileID: 8161668687004947975, guid: 9d9bd1dd3833cc74cae864408d7c735e, type: 3}
      propertyPath: m_Name
      value: BossRoom_wEnemies
      objectReference: {fileID: 0}
    m_RemovedComponents: []
    m_RemovedGameObjects: []
    m_AddedGameObjects: []
    m_AddedComponents: []
  m_SourcePrefab: {fileID: 100100000, guid: 9d9bd1dd3833cc74cae864408d7c735e, type: 3}
--- !u!1001 &468461560
PrefabInstance:
  m_ObjectHideFlags: 0
  serializedVersion: 2
  m_Modification:
    serializedVersion: 3
    m_TransformParent: {fileID: 741045537}
    m_Modifications:
    - target: {fileID: 153718607169533677, guid: f3f57013ccacde64bbe3c39844cc21a6, type: 3}
      propertyPath: m_RootOrder
      value: -1
      objectReference: {fileID: 0}
    - target: {fileID: 153718607169533677, guid: f3f57013ccacde64bbe3c39844cc21a6, type: 3}
      propertyPath: m_LocalPosition.x
      value: -0.000015735626
      objectReference: {fileID: 0}
    - target: {fileID: 153718607169533677, guid: f3f57013ccacde64bbe3c39844cc21a6, type: 3}
      propertyPath: m_LocalPosition.y
      value: 0
      objectReference: {fileID: 0}
    - target: {fileID: 153718607169533677, guid: f3f57013ccacde64bbe3c39844cc21a6, type: 3}
      propertyPath: m_LocalPosition.z
      value: -7.5000005
      objectReference: {fileID: 0}
    - target: {fileID: 153718607169533677, guid: f3f57013ccacde64bbe3c39844cc21a6, type: 3}
      propertyPath: m_LocalRotation.w
      value: -0.92388004
      objectReference: {fileID: 0}
    - target: {fileID: 153718607169533677, guid: f3f57013ccacde64bbe3c39844cc21a6, type: 3}
      propertyPath: m_LocalRotation.x
      value: -0
      objectReference: {fileID: 0}
    - target: {fileID: 153718607169533677, guid: f3f57013ccacde64bbe3c39844cc21a6, type: 3}
      propertyPath: m_LocalRotation.y
      value: 0.38268244
      objectReference: {fileID: 0}
    - target: {fileID: 153718607169533677, guid: f3f57013ccacde64bbe3c39844cc21a6, type: 3}
      propertyPath: m_LocalRotation.z
      value: -0
      objectReference: {fileID: 0}
    - target: {fileID: 153718607169533677, guid: f3f57013ccacde64bbe3c39844cc21a6, type: 3}
      propertyPath: m_LocalEulerAnglesHint.x
      value: 0
      objectReference: {fileID: 0}
    - target: {fileID: 153718607169533677, guid: f3f57013ccacde64bbe3c39844cc21a6, type: 3}
      propertyPath: m_LocalEulerAnglesHint.y
      value: 0
      objectReference: {fileID: 0}
    - target: {fileID: 153718607169533677, guid: f3f57013ccacde64bbe3c39844cc21a6, type: 3}
      propertyPath: m_LocalEulerAnglesHint.z
      value: 0
      objectReference: {fileID: 0}
    - target: {fileID: 1730895462823691565, guid: f3f57013ccacde64bbe3c39844cc21a6, type: 3}
      propertyPath: m_Name
      value: Room6_wGoldPlant_02
      objectReference: {fileID: 0}
    m_RemovedComponents: []
    m_RemovedGameObjects: []
    m_AddedGameObjects: []
    m_AddedComponents: []
  m_SourcePrefab: {fileID: 100100000, guid: f3f57013ccacde64bbe3c39844cc21a6, type: 3}
--- !u!4 &468461561 stripped
Transform:
  m_CorrespondingSourceObject: {fileID: 153718607169533677, guid: f3f57013ccacde64bbe3c39844cc21a6, type: 3}
  m_PrefabInstance: {fileID: 468461560}
  m_PrefabAsset: {fileID: 0}
--- !u!1001 &469482012
PrefabInstance:
  m_ObjectHideFlags: 0
  serializedVersion: 2
  m_Modification:
    serializedVersion: 3
    m_TransformParent: {fileID: 451908196}
    m_Modifications:
    - target: {fileID: 7366316016742318140, guid: bcd0e55787fa2454983927b17846dd16, type: 3}
      propertyPath: m_Name
      value: Room1_wContent_01
      objectReference: {fileID: 0}
    - target: {fileID: 8702023096405603348, guid: bcd0e55787fa2454983927b17846dd16, type: 3}
      propertyPath: m_RootOrder
      value: -1
      objectReference: {fileID: 0}
    - target: {fileID: 8702023096405603348, guid: bcd0e55787fa2454983927b17846dd16, type: 3}
      propertyPath: m_LocalPosition.x
      value: -8.150811
      objectReference: {fileID: 0}
    - target: {fileID: 8702023096405603348, guid: bcd0e55787fa2454983927b17846dd16, type: 3}
      propertyPath: m_LocalPosition.y
      value: 0
      objectReference: {fileID: 0}
    - target: {fileID: 8702023096405603348, guid: bcd0e55787fa2454983927b17846dd16, type: 3}
      propertyPath: m_LocalPosition.z
      value: -9.521143
      objectReference: {fileID: 0}
    - target: {fileID: 8702023096405603348, guid: bcd0e55787fa2454983927b17846dd16, type: 3}
      propertyPath: m_LocalRotation.w
      value: -0.92387915
      objectReference: {fileID: 0}
    - target: {fileID: 8702023096405603348, guid: bcd0e55787fa2454983927b17846dd16, type: 3}
      propertyPath: m_LocalRotation.x
      value: -0
      objectReference: {fileID: 0}
    - target: {fileID: 8702023096405603348, guid: bcd0e55787fa2454983927b17846dd16, type: 3}
      propertyPath: m_LocalRotation.y
      value: -0.3826843
      objectReference: {fileID: 0}
    - target: {fileID: 8702023096405603348, guid: bcd0e55787fa2454983927b17846dd16, type: 3}
      propertyPath: m_LocalRotation.z
      value: -0
      objectReference: {fileID: 0}
    - target: {fileID: 8702023096405603348, guid: bcd0e55787fa2454983927b17846dd16, type: 3}
      propertyPath: m_LocalEulerAnglesHint.x
      value: 0
      objectReference: {fileID: 0}
    - target: {fileID: 8702023096405603348, guid: bcd0e55787fa2454983927b17846dd16, type: 3}
      propertyPath: m_LocalEulerAnglesHint.y
      value: 0
      objectReference: {fileID: 0}
    - target: {fileID: 8702023096405603348, guid: bcd0e55787fa2454983927b17846dd16, type: 3}
      propertyPath: m_LocalEulerAnglesHint.z
      value: 0
      objectReference: {fileID: 0}
    m_RemovedComponents: []
    m_RemovedGameObjects: []
    m_AddedGameObjects: []
    m_AddedComponents: []
  m_SourcePrefab: {fileID: 100100000, guid: bcd0e55787fa2454983927b17846dd16, type: 3}
--- !u!4 &469482013 stripped
Transform:
  m_CorrespondingSourceObject: {fileID: 8702023096405603348, guid: bcd0e55787fa2454983927b17846dd16, type: 3}
  m_PrefabInstance: {fileID: 469482012}
  m_PrefabAsset: {fileID: 0}
--- !u!1 &741045536
GameObject:
  m_ObjectHideFlags: 0
  m_CorrespondingSourceObject: {fileID: 0}
  m_PrefabInstance: {fileID: 0}
  m_PrefabAsset: {fileID: 0}
  serializedVersion: 6
  m_Component:
  - component: {fileID: 741045537}
  m_Layer: 0
  m_Name: RoomConnector
  m_TagString: Untagged
  m_Icon: {fileID: 0}
  m_NavMeshLayer: 0
  m_StaticEditorFlags: 0
  m_IsActive: 1
--- !u!4 &741045537
Transform:
  m_ObjectHideFlags: 0
  m_CorrespondingSourceObject: {fileID: 0}
  m_PrefabInstance: {fileID: 0}
  m_PrefabAsset: {fileID: 0}
  m_GameObject: {fileID: 741045536}
  m_LocalRotation: {x: -0, y: -0.92387974, z: -0, w: -0.382683}
  m_LocalPosition: {x: -70.18526, y: 0, z: 70.35686}
  m_LocalScale: {x: 1, y: 1, z: 1}
  m_ConstrainProportionsScale: 0
  m_Children:
  - {fileID: 468461561}
  m_Father: {fileID: 319286964}
  m_RootOrder: -1
  m_LocalEulerAnglesHint: {x: 0, y: 135, z: 0}
--- !u!1001 &769847036
PrefabInstance:
  m_ObjectHideFlags: 0
  serializedVersion: 2
  m_Modification:
    serializedVersion: 3
    m_TransformParent: {fileID: 1693664529}
    m_Modifications:
    - target: {fileID: 457512615794234930, guid: 9dcc4e54f8f282b4ab55c4ffc74c298b, type: 3}
      propertyPath: m_RootOrder
      value: -1
      objectReference: {fileID: 0}
    - target: {fileID: 457512615794234930, guid: 9dcc4e54f8f282b4ab55c4ffc74c298b, type: 3}
      propertyPath: m_LocalPosition.x
      value: 3.5920963
      objectReference: {fileID: 0}
    - target: {fileID: 457512615794234930, guid: 9dcc4e54f8f282b4ab55c4ffc74c298b, type: 3}
      propertyPath: m_LocalPosition.y
      value: 0
      objectReference: {fileID: 0}
    - target: {fileID: 457512615794234930, guid: 9dcc4e54f8f282b4ab55c4ffc74c298b, type: 3}
      propertyPath: m_LocalPosition.z
      value: -7.495335
      objectReference: {fileID: 0}
    - target: {fileID: 457512615794234930, guid: 9dcc4e54f8f282b4ab55c4ffc74c298b, type: 3}
      propertyPath: m_LocalRotation.w
      value: 0.38268387
      objectReference: {fileID: 0}
    - target: {fileID: 457512615794234930, guid: 9dcc4e54f8f282b4ab55c4ffc74c298b, type: 3}
      propertyPath: m_LocalRotation.x
      value: -0
      objectReference: {fileID: 0}
    - target: {fileID: 457512615794234930, guid: 9dcc4e54f8f282b4ab55c4ffc74c298b, type: 3}
      propertyPath: m_LocalRotation.y
      value: -0.9238794
      objectReference: {fileID: 0}
    - target: {fileID: 457512615794234930, guid: 9dcc4e54f8f282b4ab55c4ffc74c298b, type: 3}
      propertyPath: m_LocalRotation.z
      value: 0
      objectReference: {fileID: 0}
    - target: {fileID: 457512615794234930, guid: 9dcc4e54f8f282b4ab55c4ffc74c298b, type: 3}
      propertyPath: m_LocalEulerAnglesHint.x
      value: 0
      objectReference: {fileID: 0}
    - target: {fileID: 457512615794234930, guid: 9dcc4e54f8f282b4ab55c4ffc74c298b, type: 3}
      propertyPath: m_LocalEulerAnglesHint.y
      value: 0
      objectReference: {fileID: 0}
    - target: {fileID: 457512615794234930, guid: 9dcc4e54f8f282b4ab55c4ffc74c298b, type: 3}
      propertyPath: m_LocalEulerAnglesHint.z
      value: 0
      objectReference: {fileID: 0}
    - target: {fileID: 8765727601922211513, guid: 9dcc4e54f8f282b4ab55c4ffc74c298b, type: 3}
      propertyPath: m_Name
      value: room4_wContent_02
      objectReference: {fileID: 0}
    m_RemovedComponents: []
    m_RemovedGameObjects: []
    m_AddedGameObjects: []
    m_AddedComponents: []
  m_SourcePrefab: {fileID: 100100000, guid: 9dcc4e54f8f282b4ab55c4ffc74c298b, type: 3}
--- !u!4 &769847037 stripped
Transform:
  m_CorrespondingSourceObject: {fileID: 457512615794234930, guid: 9dcc4e54f8f282b4ab55c4ffc74c298b, type: 3}
  m_PrefabInstance: {fileID: 769847036}
  m_PrefabAsset: {fileID: 0}
--- !u!1 &896400289
GameObject:
  m_ObjectHideFlags: 0
  m_CorrespondingSourceObject: {fileID: 0}
  m_PrefabInstance: {fileID: 0}
  m_PrefabAsset: {fileID: 0}
  serializedVersion: 6
  m_Component:
  - component: {fileID: 896400290}
  m_Layer: 0
  m_Name: RoomConnector (5)
  m_TagString: Untagged
  m_Icon: {fileID: 0}
  m_NavMeshLayer: 0
  m_StaticEditorFlags: 0
  m_IsActive: 1
--- !u!4 &896400290
Transform:
  m_ObjectHideFlags: 0
  m_CorrespondingSourceObject: {fileID: 0}
  m_PrefabInstance: {fileID: 0}
  m_PrefabAsset: {fileID: 0}
  m_GameObject: {fileID: 896400289}
  m_LocalRotation: {x: -0, y: -0.707107, z: -0, w: 0.7071066}
  m_LocalPosition: {x: 2.4999852, y: 0, z: -17.500008}
  m_LocalScale: {x: 1, y: 1, z: 1}
  m_ConstrainProportionsScale: 0
  m_Children:
  - {fileID: 2141843447}
  - {fileID: 1700763207}
  m_Father: {fileID: 451908196}
  m_RootOrder: -1
  m_LocalEulerAnglesHint: {x: 0, y: 45, z: 0}
--- !u!4 &936860338 stripped
Transform:
  m_CorrespondingSourceObject: {fileID: 3392007419711827979, guid: 9d9bd1dd3833cc74cae864408d7c735e, type: 3}
  m_PrefabInstance: {fileID: 456552109}
  m_PrefabAsset: {fileID: 0}
--- !u!1 &1051236518
GameObject:
  m_ObjectHideFlags: 0
  m_CorrespondingSourceObject: {fileID: 0}
  m_PrefabInstance: {fileID: 0}
  m_PrefabAsset: {fileID: 0}
  serializedVersion: 6
  m_Component:
  - component: {fileID: 1051236519}
  m_Layer: 0
  m_Name: RoomConnector (3)
  m_TagString: Untagged
  m_Icon: {fileID: 0}
  m_NavMeshLayer: 0
  m_StaticEditorFlags: 0
  m_IsActive: 1
--- !u!4 &1051236519
Transform:
  m_ObjectHideFlags: 0
  m_CorrespondingSourceObject: {fileID: 0}
  m_PrefabInstance: {fileID: 0}
  m_PrefabAsset: {fileID: 0}
  m_GameObject: {fileID: 1051236518}
  m_LocalRotation: {x: -0, y: -0.00000014901153, z: -0, w: -1}
  m_LocalPosition: {x: -5.1618795, y: 0, z: -15.00481}
  m_LocalScale: {x: 1, y: 1, z: 1}
  m_ConstrainProportionsScale: 0
  m_Children:
  - {fileID: 1258076734}
  - {fileID: 451908196}
  m_Father: {fileID: 319901094}
  m_RootOrder: -1
  m_LocalEulerAnglesHint: {x: 0, y: 135, z: 0}
--- !u!1 &1232799704
GameObject:
  m_ObjectHideFlags: 0
  m_CorrespondingSourceObject: {fileID: 0}
  m_PrefabInstance: {fileID: 0}
  m_PrefabAsset: {fileID: 0}
  serializedVersion: 6
  m_Component:
  - component: {fileID: 1232799705}
  m_Layer: 0
  m_Name: RoomConnector (2)
  m_TagString: Untagged
  m_Icon: {fileID: 0}
  m_NavMeshLayer: 0
  m_StaticEditorFlags: 0
  m_IsActive: 1
--- !u!4 &1232799705
Transform:
  m_ObjectHideFlags: 0
  m_CorrespondingSourceObject: {fileID: 0}
  m_PrefabInstance: {fileID: 0}
  m_PrefabAsset: {fileID: 0}
  m_GameObject: {fileID: 1232799704}
  m_LocalRotation: {x: -0, y: -0.382683, z: -0, w: 0.92387974}
  m_LocalPosition: {x: -59.366543, y: 0, z: 52.891315}
  m_LocalScale: {x: 1, y: 1, z: 1}
  m_ConstrainProportionsScale: 0
  m_Children:
  - {fileID: 62192371}
  - {fileID: 1693664529}
  m_Father: {fileID: 319286964}
  m_RootOrder: -1
  m_LocalEulerAnglesHint: {x: 0, y: -45, z: 0}
--- !u!1001 &1256412091
PrefabInstance:
  m_ObjectHideFlags: 0
  serializedVersion: 2
  m_Modification:
    serializedVersion: 3
    m_TransformParent: {fileID: 1700763207}
    m_Modifications:
    - target: {fileID: 2344327019786538009, guid: ea64d6edb14dc6a498f719c858d0f06c, type: 3}
      propertyPath: m_RootOrder
      value: -1
      objectReference: {fileID: 0}
    - target: {fileID: 2344327019786538009, guid: ea64d6edb14dc6a498f719c858d0f06c, type: 3}
      propertyPath: m_LocalPosition.x
      value: -1.1737933
      objectReference: {fileID: 0}
    - target: {fileID: 2344327019786538009, guid: ea64d6edb14dc6a498f719c858d0f06c, type: 3}
      propertyPath: m_LocalPosition.y
      value: 0
      objectReference: {fileID: 0}
    - target: {fileID: 2344327019786538009, guid: ea64d6edb14dc6a498f719c858d0f06c, type: 3}
      propertyPath: m_LocalPosition.z
      value: -9.998492
      objectReference: {fileID: 0}
    - target: {fileID: 2344327019786538009, guid: ea64d6edb14dc6a498f719c858d0f06c, type: 3}
      propertyPath: m_LocalRotation.w
      value: -0.3826836
      objectReference: {fileID: 0}
    - target: {fileID: 2344327019786538009, guid: ea64d6edb14dc6a498f719c858d0f06c, type: 3}
      propertyPath: m_LocalRotation.x
      value: -0
      objectReference: {fileID: 0}
    - target: {fileID: 2344327019786538009, guid: ea64d6edb14dc6a498f719c858d0f06c, type: 3}
      propertyPath: m_LocalRotation.y
      value: -0.9238795
      objectReference: {fileID: 0}
    - target: {fileID: 2344327019786538009, guid: ea64d6edb14dc6a498f719c858d0f06c, type: 3}
      propertyPath: m_LocalRotation.z
      value: -0
      objectReference: {fileID: 0}
    - target: {fileID: 2344327019786538009, guid: ea64d6edb14dc6a498f719c858d0f06c, type: 3}
      propertyPath: m_LocalEulerAnglesHint.x
      value: 0
      objectReference: {fileID: 0}
    - target: {fileID: 2344327019786538009, guid: ea64d6edb14dc6a498f719c858d0f06c, type: 3}
      propertyPath: m_LocalEulerAnglesHint.y
      value: 0
      objectReference: {fileID: 0}
    - target: {fileID: 2344327019786538009, guid: ea64d6edb14dc6a498f719c858d0f06c, type: 3}
      propertyPath: m_LocalEulerAnglesHint.z
      value: 0
      objectReference: {fileID: 0}
    - target: {fileID: 3816198406020041539, guid: ea64d6edb14dc6a498f719c858d0f06c, type: 3}
      propertyPath: m_Name
      value: room9
      objectReference: {fileID: 0}
    m_RemovedComponents: []
    m_RemovedGameObjects: []
    m_AddedGameObjects: []
    m_AddedComponents: []
  m_SourcePrefab: {fileID: 100100000, guid: ea64d6edb14dc6a498f719c858d0f06c, type: 3}
--- !u!4 &1256412092 stripped
Transform:
  m_CorrespondingSourceObject: {fileID: 2344327019786538009, guid: ea64d6edb14dc6a498f719c858d0f06c, type: 3}
  m_PrefabInstance: {fileID: 1256412091}
  m_PrefabAsset: {fileID: 0}
--- !u!1001 &1258076733
PrefabInstance:
  m_ObjectHideFlags: 0
  serializedVersion: 2
  m_Modification:
    serializedVersion: 3
    m_TransformParent: {fileID: 1051236519}
    m_Modifications:
    - target: {fileID: 326656641086315587, guid: b516c2efe5542984981fdc1458664a78, type: 3}
      propertyPath: m_RootOrder
      value: -1
      objectReference: {fileID: 0}
    - target: {fileID: 326656641086315587, guid: b516c2efe5542984981fdc1458664a78, type: 3}
      propertyPath: m_LocalPosition.x
      value: 5.4518127
      objectReference: {fileID: 0}
    - target: {fileID: 326656641086315587, guid: b516c2efe5542984981fdc1458664a78, type: 3}
      propertyPath: m_LocalPosition.y
      value: 0
      objectReference: {fileID: 0}
    - target: {fileID: 326656641086315587, guid: b516c2efe5542984981fdc1458664a78, type: 3}
      propertyPath: m_LocalPosition.z
      value: -9.99141
      objectReference: {fileID: 0}
    - target: {fileID: 326656641086315587, guid: b516c2efe5542984981fdc1458664a78, type: 3}
      propertyPath: m_LocalRotation.w
      value: 0.38268423
      objectReference: {fileID: 0}
    - target: {fileID: 326656641086315587, guid: b516c2efe5542984981fdc1458664a78, type: 3}
      propertyPath: m_LocalRotation.x
      value: -0
      objectReference: {fileID: 0}
    - target: {fileID: 326656641086315587, guid: b516c2efe5542984981fdc1458664a78, type: 3}
      propertyPath: m_LocalRotation.y
      value: 0.9238792
      objectReference: {fileID: 0}
    - target: {fileID: 326656641086315587, guid: b516c2efe5542984981fdc1458664a78, type: 3}
      propertyPath: m_LocalRotation.z
      value: -0
      objectReference: {fileID: 0}
    - target: {fileID: 326656641086315587, guid: b516c2efe5542984981fdc1458664a78, type: 3}
      propertyPath: m_LocalEulerAnglesHint.x
      value: 0
      objectReference: {fileID: 0}
    - target: {fileID: 326656641086315587, guid: b516c2efe5542984981fdc1458664a78, type: 3}
      propertyPath: m_LocalEulerAnglesHint.y
      value: 0
      objectReference: {fileID: 0}
    - target: {fileID: 326656641086315587, guid: b516c2efe5542984981fdc1458664a78, type: 3}
      propertyPath: m_LocalEulerAnglesHint.z
      value: 0
      objectReference: {fileID: 0}
    - target: {fileID: 863780628515039662, guid: b516c2efe5542984981fdc1458664a78, type: 3}
      propertyPath: m_Name
      value: room5_wContent_02
      objectReference: {fileID: 0}
    m_RemovedComponents: []
    m_RemovedGameObjects: []
    m_AddedGameObjects: []
    m_AddedComponents: []
  m_SourcePrefab: {fileID: 100100000, guid: b516c2efe5542984981fdc1458664a78, type: 3}
--- !u!4 &1258076734 stripped
Transform:
  m_CorrespondingSourceObject: {fileID: 326656641086315587, guid: b516c2efe5542984981fdc1458664a78, type: 3}
  m_PrefabInstance: {fileID: 1258076733}
  m_PrefabAsset: {fileID: 0}
--- !u!1 &1693664528
GameObject:
  m_ObjectHideFlags: 0
  m_CorrespondingSourceObject: {fileID: 0}
  m_PrefabInstance: {fileID: 0}
  m_PrefabAsset: {fileID: 0}
  serializedVersion: 6
  m_Component:
  - component: {fileID: 1693664529}
  m_Layer: 0
  m_Name: RoomConnector (6)
  m_TagString: Untagged
  m_Icon: {fileID: 0}
  m_NavMeshLayer: 0
  m_StaticEditorFlags: 0
  m_IsActive: 1
--- !u!4 &1693664529
Transform:
  m_ObjectHideFlags: 0
  m_CorrespondingSourceObject: {fileID: 0}
  m_PrefabInstance: {fileID: 0}
  m_PrefabAsset: {fileID: 0}
  m_GameObject: {fileID: 1693664528}
  m_LocalRotation: {x: -0, y: -1, z: -0, w: -0.00000029802322}
  m_LocalPosition: {x: -8.86712, y: 0, z: 0}
  m_LocalScale: {x: 1, y: 1, z: 1}
  m_ConstrainProportionsScale: 0
  m_Children:
  - {fileID: 769847037}
  - {fileID: 319901094}
  m_Father: {fileID: 1232799705}
  m_RootOrder: -1
  m_LocalEulerAnglesHint: {x: 0, y: 135, z: 0}
--- !u!1 &1700763206
GameObject:
  m_ObjectHideFlags: 0
  m_CorrespondingSourceObject: {fileID: 0}
  m_PrefabInstance: {fileID: 0}
  m_PrefabAsset: {fileID: 0}
  serializedVersion: 6
  m_Component:
  - component: {fileID: 1700763207}
  m_Layer: 0
  m_Name: RoomConnector (7)
  m_TagString: Untagged
  m_Icon: {fileID: 0}
  m_NavMeshLayer: 0
  m_StaticEditorFlags: 0
  m_IsActive: 1
--- !u!4 &1700763207
Transform:
  m_ObjectHideFlags: 0
  m_CorrespondingSourceObject: {fileID: 0}
  m_PrefabInstance: {fileID: 0}
  m_PrefabAsset: {fileID: 0}
  m_GameObject: {fileID: 1700763206}
  m_LocalRotation: {x: -0, y: 0.7071057, z: -0, w: 0.7071079}
  m_LocalPosition: {x: -13.180471, y: 0, z: -16.221031}
  m_LocalScale: {x: 1, y: 1, z: 1}
  m_ConstrainProportionsScale: 0
  m_Children:
  - {fileID: 1256412092}
  m_Father: {fileID: 896400290}
  m_RootOrder: -1
  m_LocalEulerAnglesHint: {x: 0, y: -135, z: 0}
--- !u!1001 &1937802391
PrefabInstance:
  m_ObjectHideFlags: 0
  serializedVersion: 2
  m_Modification:
    serializedVersion: 3
    m_TransformParent: {fileID: 319901094}
    m_Modifications:
    - target: {fileID: 1556978401102100603, guid: 28ea4d7168c3c9b439059db00d76b111, type: 3}
      propertyPath: m_Name
      value: room3_wContent_02
      objectReference: {fileID: 0}
    - target: {fileID: 2211247004867938211, guid: 28ea4d7168c3c9b439059db00d76b111, type: 3}
      propertyPath: m_RootOrder
      value: -1
      objectReference: {fileID: 0}
    - target: {fileID: 2211247004867938211, guid: 28ea4d7168c3c9b439059db00d76b111, type: 3}
      propertyPath: m_LocalPosition.x
      value: -4.1507173
      objectReference: {fileID: 0}
    - target: {fileID: 2211247004867938211, guid: 28ea4d7168c3c9b439059db00d76b111, type: 3}
      propertyPath: m_LocalPosition.y
      value: 0
      objectReference: {fileID: 0}
    - target: {fileID: 2211247004867938211, guid: 28ea4d7168c3c9b439059db00d76b111, type: 3}
      propertyPath: m_LocalPosition.z
      value: -7.5024056
      objectReference: {fileID: 0}
    - target: {fileID: 2211247004867938211, guid: 28ea4d7168c3c9b439059db00d76b111, type: 3}
      propertyPath: m_LocalRotation.w
      value: -0.38268343
      objectReference: {fileID: 0}
    - target: {fileID: 2211247004867938211, guid: 28ea4d7168c3c9b439059db00d76b111, type: 3}
      propertyPath: m_LocalRotation.x
      value: -0
      objectReference: {fileID: 0}
    - target: {fileID: 2211247004867938211, guid: 28ea4d7168c3c9b439059db00d76b111, type: 3}
      propertyPath: m_LocalRotation.y
      value: 0.9238796
      objectReference: {fileID: 0}
    - target: {fileID: 2211247004867938211, guid: 28ea4d7168c3c9b439059db00d76b111, type: 3}
      propertyPath: m_LocalRotation.z
      value: -0
      objectReference: {fileID: 0}
    - target: {fileID: 2211247004867938211, guid: 28ea4d7168c3c9b439059db00d76b111, type: 3}
      propertyPath: m_LocalEulerAnglesHint.x
      value: 0
      objectReference: {fileID: 0}
    - target: {fileID: 2211247004867938211, guid: 28ea4d7168c3c9b439059db00d76b111, type: 3}
      propertyPath: m_LocalEulerAnglesHint.y
      value: 0
      objectReference: {fileID: 0}
    - target: {fileID: 2211247004867938211, guid: 28ea4d7168c3c9b439059db00d76b111, type: 3}
      propertyPath: m_LocalEulerAnglesHint.z
      value: 0
      objectReference: {fileID: 0}
    m_RemovedComponents: []
    m_RemovedGameObjects: []
    m_AddedGameObjects: []
    m_AddedComponents: []
  m_SourcePrefab: {fileID: 100100000, guid: 28ea4d7168c3c9b439059db00d76b111, type: 3}
--- !u!4 &1937802392 stripped
Transform:
  m_CorrespondingSourceObject: {fileID: 2211247004867938211, guid: 28ea4d7168c3c9b439059db00d76b111, type: 3}
  m_PrefabInstance: {fileID: 1937802391}
  m_PrefabAsset: {fileID: 0}
--- !u!1001 &2141843446
PrefabInstance:
  m_ObjectHideFlags: 0
  serializedVersion: 2
  m_Modification:
    serializedVersion: 3
    m_TransformParent: {fileID: 896400290}
    m_Modifications:
    - target: {fileID: 6647600033363708877, guid: 8db29916c2643c74f9a9e652a23c193b, type: 3}
      propertyPath: m_RootOrder
      value: -1
      objectReference: {fileID: 0}
    - target: {fileID: 6647600033363708877, guid: 8db29916c2643c74f9a9e652a23c193b, type: 3}
      propertyPath: m_LocalPosition.x
      value: -3.1819785
      objectReference: {fileID: 0}
    - target: {fileID: 6647600033363708877, guid: 8db29916c2643c74f9a9e652a23c193b, type: 3}
      propertyPath: m_LocalPosition.y
      value: 0
      objectReference: {fileID: 0}
    - target: {fileID: 6647600033363708877, guid: 8db29916c2643c74f9a9e652a23c193b, type: 3}
      propertyPath: m_LocalPosition.z
      value: -9.99849
      objectReference: {fileID: 0}
    - target: {fileID: 6647600033363708877, guid: 8db29916c2643c74f9a9e652a23c193b, type: 3}
      propertyPath: m_LocalRotation.w
      value: 0.9238795
      objectReference: {fileID: 0}
    - target: {fileID: 6647600033363708877, guid: 8db29916c2643c74f9a9e652a23c193b, type: 3}
      propertyPath: m_LocalRotation.x
      value: -0
      objectReference: {fileID: 0}
    - target: {fileID: 6647600033363708877, guid: 8db29916c2643c74f9a9e652a23c193b, type: 3}
      propertyPath: m_LocalRotation.y
      value: -0.38268355
      objectReference: {fileID: 0}
    - target: {fileID: 6647600033363708877, guid: 8db29916c2643c74f9a9e652a23c193b, type: 3}
      propertyPath: m_LocalRotation.z
      value: -0
      objectReference: {fileID: 0}
    - target: {fileID: 6647600033363708877, guid: 8db29916c2643c74f9a9e652a23c193b, type: 3}
      propertyPath: m_LocalEulerAnglesHint.x
      value: 0
      objectReference: {fileID: 0}
    - target: {fileID: 6647600033363708877, guid: 8db29916c2643c74f9a9e652a23c193b, type: 3}
      propertyPath: m_LocalEulerAnglesHint.y
      value: 0
      objectReference: {fileID: 0}
    - target: {fileID: 6647600033363708877, guid: 8db29916c2643c74f9a9e652a23c193b, type: 3}
      propertyPath: m_LocalEulerAnglesHint.z
      value: 0
      objectReference: {fileID: 0}
    - target: {fileID: 4321955900626793516, guid: 8db29916c2643c74f9a9e652a23c193b, type: 3}
      propertyPath: m_Name
      value: room2_wContent_02
      objectReference: {fileID: 0}
    m_RemovedComponents: []
    m_RemovedGameObjects: []
    m_AddedGameObjects: []
    m_AddedComponents: []
  m_SourcePrefab: {fileID: 100100000, guid: 8db29916c2643c74f9a9e652a23c193b, type: 3}
--- !u!4 &2141843447 stripped
Transform:
  m_CorrespondingSourceObject: {fileID: 6647600033363708877, guid: 8db29916c2643c74f9a9e652a23c193b, type: 3}
  m_PrefabInstance: {fileID: 2141843446}
  m_PrefabAsset: {fileID: 0}
